{1:F01ACMEDEFFAXXX0000000000}{2:O940DEUTDEFFXXXXN}{4:
:20:STMT-1
:25:DE89370400440532013000
:28C:12345/1
:60F:C260101EUR1000,00
:61:2601020102C500,00NTRFNONREF//BANK-A
EXTRA INFO
:86:GROCERY STORE PAYMENT
:61:2601030103D250,50NMSCCUST-REF//BANK-B
:86:?20RENT ?30BANK ?31ACC123
:62F:C260103EUR1249,50
:64:C260103EUR1249,50
-}
