<?xml version="1.0" encoding="UTF-8"?>
<Document xmlns="urn:iso:std:iso:20022:tech:xsd:camt.053.001.08">
  <BkToCstmrStmt>
    <GrpHdr><MsgId>CAMT053-1</MsgId><CreDtTm>2026-01-03T06:00:00Z</CreDtTm></GrpHdr>
    <Stmt>
      <Id>STMT-1</Id>
      <ElctrncSeqNb>5</ElctrncSeqNb>
      <Acct>
        <Id><IBAN>DE89370400440532013000</IBAN></Id>
        <Ccy>EUR</Ccy>
        <Ownr><Nm>ACME CORP</Nm></Ownr>
      </Acct>
      <FrToDt><FrDtTm>2026-01-01T00:00:00Z</FrDtTm><ToDtTm>2026-01-02T23:59:59Z</ToDtTm></FrToDt>
      <Bal><Tp><CdOrPrtry><Cd>OPBD</Cd></CdOrPrtry></Tp><Amt Ccy="EUR">1000.00</Amt><CdtDbtInd>CRDT</CdtDbtInd></Bal>
      <Bal><Tp><CdOrPrtry><Cd>CLBD</Cd></CdOrPrtry></Tp><Amt Ccy="EUR">1500.00</Amt><CdtDbtInd>CRDT</CdtDbtInd></Bal>
      <TxsSummry>
        <TtlCdtNtries><Sum>500.00</Sum></TtlCdtNtries>
        <TtlDbtNtries><Sum>0.00</Sum></TtlDbtNtries>
      </TxsSummry>
      <Ntry>
        <Amt Ccy="EUR">500.00</Amt>
        <CdtDbtInd>CRDT</CdtDbtInd>
        <Sts><Cd>BOOK</Cd></Sts>
        <BookgDt><Dt>2026-01-02</Dt></BookgDt>
        <ValDt><Dt>2026-01-02</Dt></ValDt>
        <BkTxCd><Domn><Cd>PMNT</Cd><Fmly><Cd>RCDT</Cd><SubFmlyCd>ESCT</SubFmlyCd></Fmly></Domn></BkTxCd>
        <NtryDtls><TxDtls>
          <Refs><EndToEndId>E2E-REF-001</EndToEndId><UETR>e3bf1c2a-1111-4aaa-8bbb-1234567890ab</UETR></Refs>
          <RltdPties><Dbtr><Nm>ACME CORP</Nm></Dbtr><DbtrAcct><Id><IBAN>DE89370400440532013000</IBAN></Id></DbtrAcct></RltdPties>
          <RmtInf><Ustrd>INVOICE 998877</Ustrd></RmtInf>
        </TxDtls></NtryDtls>
        <AddtlNtryInf>CREDIT TRANSFER</AddtlNtryInf>
      </Ntry>
    </Stmt>
  </BkToCstmrStmt>
</Document>
