<?xml version="1.0" encoding="UTF-8"?>
<Document xmlns="urn:iso:std:iso:20022:tech:xsd:pain.001.001.09">
  <CstmrCdtTrfInitn>
    <GrpHdr>
      <MsgId>PAIN-1</MsgId>
      <CreDtTm>2026-01-01T09:00:00Z</CreDtTm>
      <CtrlSum>1234.56</CtrlSum>
      <InitgPty><Nm>ACME CORP</Nm></InitgPty>
    </GrpHdr>
    <PmtInf>
      <PmtInfId>PMT-1</PmtInfId>
      <PmtMtd>TRF</PmtMtd>
      <ReqdExctnDt><Dt>2026-01-02</Dt></ReqdExctnDt>
      <Dbtr><Nm>ACME CORP</Nm></Dbtr>
      <DbtrAcct><Id><IBAN>DE89370400440532013000</IBAN></Id></DbtrAcct>
      <DbtrAgt><FinInstnId><BICFI>DEUTDEFF</BICFI></FinInstnId></DbtrAgt>
      <CdtTrfTxInf>
        <PmtId><EndToEndId>E2E-REF-001</EndToEndId></PmtId>
        <Amt><InstdAmt Ccy="EUR">1234.56</InstdAmt></Amt>
        <Cdtr><Nm>WIDGETS SARL</Nm></Cdtr>
        <CdtrAcct><Id><IBAN>FR1420041010050500013M02606</IBAN></Id></CdtrAcct>
        <RmtInf><Ustrd>INVOICE 998877</Ustrd></RmtInf>
      </CdtTrfTxInf>
    </PmtInf>
  </CstmrCdtTrfInitn>
</Document>
